%%%%%%%%%%%%%%%%%%%%%%%%%%%%%%%%%%%%%%%%%%%%%%%%%%%%%%%%%%%%%%%%%%%%%%%%%%%%%%%%
%%%%%%%%%%%%%%%%%%%% INSERINDO COMENTÁRIOS EM ARQUIVOS .bib %%%%%%%%%%%%%%%%%%%%
%%%%%%%%%%%%%%%%%%%%%%%%%%%%%%%%%%%%%%%%%%%%%%%%%%%%%%%%%%%%%%%%%%%%%%%%%%%%%%%%
%
% 1. Como em outros arquivos LaTeX, comentários são iniciados por "%" e,
%    portanto, é preciso usar "\%" para imprimir o caractere "%". Esquecer
%    disso pode gerar erros difíceis de encontrar!
%
% 2. Não é possível inserir comentários dentro de uma entrada, apenas fora.
%
% 3. Não é possível incluir o caractere arroba em um comentário.
%
% 4. Se quiser desabilitar temporariamente um campo ("comentar" o campo),
%    troque seu nome para algum nome inválido, como "author-disable".
%    Se quiser fazer alguma observação permanente dentro de uma entrada,
%    você também pode usar algum nome de campo inválido, como "lembrete",
%    ou usar o campo "annotation", que normalmente é ignorado.
%
% 5. Se quiser desabilitar temporariamente uma entrada inteira ("comentar" a
%    entrada), não basta colocar "%" nas linhas correspondentes por causa do
%    caractere arroba; também é preciso remover a arroba.
%
% 6. Na verdade, as regras não são bem essas, mas segui-las é uma boa ideia:
%    https://tex.stackexchange.com/a/262282
%
% Por exemplo, esta entrada está comentada, ou seja, não tem efeito: se
% houvesse uma referência a ela no texto, a referência ficaria inválida.
% Observe que, para isso, o caractere arroba foi apagado!
%
%Book{JW82,
% author    = {Richard A. Johnson and Dean W. Wichern},
% title     = {Applied Multivariate Statistical Analysis},
% publisher = {Prentice-Hall},
% year      = {1983}
%}


%%%%%%%%%%%%%%%%%%%%%%%%%%%%%%%%%%%%%%%%%%%%%%%%%%%%%%%%%%%%%%%%%%%%%%%%%%%%%%%%
%%%%%%%%%%%%%%%%%%%%%%%%%%%%%%% O CAMPO "MONTH" %%%%%%%%%%%%%%%%%%%%%%%%%%%%%%%%
%%%%%%%%%%%%%%%%%%%%%%%%%%%%%%%%%%%%%%%%%%%%%%%%%%%%%%%%%%%%%%%%%%%%%%%%%%%%%%%%
%
% biblatex prefere o uso do campo "date" para definir ano, mês etc. No
% entanto, se você quiser garantir compatibilidade tanto com biblatex
% quanto com bibtex, use os campos "year" e "month". Ambos reconhecem
% diversos formatos para o campo "month", mas apenas um funciona
% corretamente com os dois: o nome do mês em inglês, abreviado com três
% letras minúsculas e sem chaves, ou seja:
%
% ...
% author = {Somebody},
% year = {2011},
% month = oct,
% title = {Some title},
% ...


%%%%%%%%%%%%%%%%%%%%%%%%%%%%%%%%%%%%%%%%%%%%%%%%%%%%%%%%%%%%%%%%%%%%%%%%%%%%%%%%

% Esta entrada não está em uso em tese.tex, apenas em
% apresentacao.tex, mas isso não é um problema: você pode
% ter um banco de dados com todos os papers que são de seu
% interesse e, em um dado texto, citar apenas alguns deles.
@Manual{CORBA:spec,
 title       = {{CORBA} v3.0 Specification},
 author      = {{Object Management Group}},
 shortauthor = {OMG},
 month       = jul,
 year        = {2002},
 note        = {OMG Document 02-06-33}
}

@Inproceedings{page-1966,
  author = {Ellis B. Page},
  title = {The imminence of... grading essays by computer},
  booktitle = {The Phi Delta Kappan},
  year = {1966},
  volume = {47},
  number = {5},
  pages = {238--243},
}

@Inproceedings{felicia-et-al-2002,
  author = {Felicia D. Barrera and
            Mark D. Shermis},
  title = {Exit Assessments: Evaluating Writing Ability through Automated Essay Scoring},
  location = {New Orleans, LA},
  year = {2002},
  note = {Annual Meeting of the American Educational Research Association},
}

@Inproceedings{myers-2003,
  author = {Miles Myers},
  title = {What Can Computers and AES Contribute to a K-12 Writing Program?},
  booktitle = {Automated essay scoring: A cross-disciplinary perspective},
  location = {New York, NY},
  year = {2003},
  publisher = {Lawrence Erlbaum Associates},
  address = {Mahwah, NJ},
  doi = {10.4324/9781410606860},
  isbn = {9781410606860},
}

@Inproceedings{costa-et-al-2020,
 author = {Luciana Costa and Elaine Oliveira and Alberto Castro Júnior},
 title = {Corretor Automático de Redações em Língua Portuguesa: um mapeamento sistemático de literatura},
 booktitle = {Anais do XXXI Simpósio Brasileiro de Informática na Educação},
 location = {Online},
 year = {2020},
 keywords = {},
 issn = {0000-0000},
 pages = {1403--1412},
 publisher = {SBC},
 address = {Porto Alegre, RS, Brasil},
 doi = {10.5753/cbie.sbie.2020.1403},
 url = {https://sol.sbc.org.br/index.php/sbie/article/view/12896}
}

@Article{manai2023impact,
      title={Impact of Feature Encoding on Malware Classification Explainability},
      author={Elyes Manai and Mohamed Mejri and Jaouhar Fattahi},
      year={2023},
      eprint={2307.05614},
      archivePrefix={arXiv},
      primaryClass={cs.LG}
}

@Inproceedings{pennington-etal-2014-glove,
    title = {{G}lo{V}e: Global Vectors for Word Representation"},
    author = {Pennington, Jeffrey  and
      Socher, Richard  and
      Manning, Christopher},
    booktitle = {Proceedings of the 2014 Conference on Empirical Methods in Natural Language Processing ({EMNLP})},
    month = oct,
    year = 2014,
    address = {Doha, Qatar},
    publisher = {Association for Computational Linguistics},
    url = {https://aclanthology.org/D14-1162},
    doi = {10.3115/v1/D14-1162},
    pages = {1532--1543},
}

@Article{bojanowski-etal-2016-enriching,
  author       = {Piotr Bojanowski and
                  Edouard Grave and
                  Armand Joulin and
                  Tom{\'{a}}s Mikolov},
  title        = {Enriching Word Vectors with Subword Information},
  journal      = {CoRR},
  volume       = {abs/1607.04606},
  year         = {2016},
  url          = {http://arxiv.org/abs/1607.04606},
  eprinttype    = {arXiv},
  eprint       = {1607.04606},
}

@article{joulin-etal-2016-bag,
  author       = {Armand Joulin and
                  Edouard Grave and
                  Piotr Bojanowski and
                  Tom{\'{a}}s Mikolov},
  title        = {Bag of Tricks for Efficient Text Classification},
  journal      = {CoRR},
  volume       = {abs/1607.01759},
  year         = {2016},
  url          = {http://arxiv.org/abs/1607.01759},
  eprinttype    = {arXiv},
  eprint       = {1607.01759},
}

@Article{bengio-et-al-2003,
    author = {Bengio, Yoshua and Ducharme, R\'{e}jean and Vincent, Pascal and Janvin, Christian},
    title = {A Neural Probabilistic Language Model},
    year = {2003},
    issue_date = {3/1/2003},
    publisher = {JMLR.org},
    volume = {3},
    issn = {1532-4435},
    journal = {J. Mach. Learn. Res.},
    month = {mar},
    pages = {1137–1155},
    numpages = {19}
}

@Inproceedings{mikolov-etal-2013-linguistic,
    title = {Linguistic Regularities in Continuous Space Word Representations},
    author = {Mikolov, Tomas  and
      Yih, Wen-tau  and
      Zweig, Geoffrey},
    booktitle = {Proceedings of the 2013 Conference of the North {A}merican Chapter of the Association for Computational Linguistics: Human Language Technologies},
    month = jun,
    year = 2013,
    address = {Atlanta, Georgia},
    publisher = "Association for Computational Linguistics",
    url = {https://aclanthology.org/N13-1090},
    pages = {746--751},
}

@Article{schmidhuber-heil-1996,
  author={Schmidhuber, J\'{u}rgen. and Heil, Stefan},
  journal={IEEE Transactions on Neural Networks},
  title={Sequential neural text compression},
  year={1996},
  volume={7},
  number={1},
  pages={142-146},
  doi={10.1109/72.478398}
}

@Book{fasttext-2018,
  title={FastText Quick Start Guide: Get Started with Facebook's Library for Text Representation and Classification},
  author={Bhattacharjee, J.},
  isbn={9781789130997},
  year={2018},
  publisher={Packt Publishing}
}


@Article{attention2017,
  author       = {Ashish Vaswani and
                  Noam Shazeer and
                  Niki Parmar and
                  Jakob Uszkoreit and
                  Llion Jones and
                  Aidan N. Gomez and
                  Lukasz Kaiser and
                  Illia Polosukhin},
  title        = {Attention Is All You Need},
  journal      = {CoRR},
  volume       = {abs/1706.03762},
  year         = {2017},
  url          = {http://arxiv.org/abs/1706.03762},
  eprinttype    = {arXiv},
  eprint       = {1706.03762},
  timestamp    = {Sat, 23 Jan 2021 01:20:40 +0100},
  biburl       = {https://dblp.org/rec/journals/corr/VaswaniSPUJGKP17.bib},
  bibsource    = {dblp computer science bibliography, https://dblp.org}
}

@Book{platao-e-fiorin,
  title = {Lições de texto: leitura e redação},
  author = {José Luiz Fiorin and
            Francisco Platão Savioli},
  year = {2006},
  publisher = {Ática}
}

@Article{bert2018,
  author       = {Jacob Devlin and
                  Ming{-}Wei Chang and
                  Kenton Lee and
                  Kristina Toutanova},
  title        = {{BERT:} Pre-training of Deep Bidirectional Transformers for Language
                  Understanding},
  journal      = {CoRR},
  volume       = {abs/1810.04805},
  year         = {2018},
  url          = {http://arxiv.org/abs/1810.04805},
  eprinttype    = {arXiv},
  eprint       = {1810.04805},
  timestamp    = {Tue, 30 Oct 2018 20:39:56 +0100},
  biburl       = {https://dblp.org/rec/journals/corr/abs-1810-04805.bib},
  bibsource    = {dblp computer science bibliography, https://dblp.org}
}

@Article{marinho-et-al-21,
  author = {Jeziel Marinho and Rafael Anchiêta and Raimundo Moura},
  title = {Essay-BR: a Brazilian Corpus of Essays},
  booktitle = {Anais do III Dataset Showcase Workshop},
  year = {2021},
  pages = {53--64},
  publisher = {Sociedade Brasileira de Computação},
  address = {Online},
  doi = {10.5753/dsw.2021.17414},
  url = {https://sol.sbc.org.br/index.php/dsw/article/view/17414}
}

@Article{lesme-20-redacoes-noticia,
  author = {Adriano Lesme},
  title = {Enem 2021: corretores podem corrigir até 200 redações por dia},
  date = {2021-12-01},
  journaltitle = {Brasil Escola},
  urldate = {2023-10-20},
  url = {https://vestibular.brasilescola.uol.com.br/enem/enem-2021-corretores-podem-corrigir-ate-200-redacoes-por-dia/351641.html}
}

@Article{taghipour-ng-2016-neural,
  title = {A Neural Approach to Automated Essay Scoring},
  author = {Kaveh Taghipour and
    Hwee Tou Ng},
  booktitle = {Proceedings of the 2016 Conference on Empirical Methods in Natural Language Processing},
  month = nov,
  year = {2016},
  address = {Austin, Texas},
  publisher = {Association for Computational Linguistics},
  url = {https://aclanthology.org/D16-1193},
  doi = {10.18653/v1/D16-1193},
  pages = {1882--1891},
}

@Book{cartilha-redacao,
  title = {A Redação do Enem 2023: cartilha do participante.},
  author = {Brasil},
  publisher = {Insituto Nacional de Estudos e Pesquisas Educacionais Anísio Teixeira},
  location = {Brasília},
  year = {2023},
  url = {https://download.inep.gov.br/publicacoes/institucionais/avaliacoes_e_exames_da_educacao_basica/a_redacao_no_enem_2023_cartilha_do_participante.pdf},
  urldate = {2023-10-20},
}

@Article{marinho-et-al-22,
  author = {Jeziel Marinho and Rafael Anchiêta and Raimundo Moura},
  title = {Essay-BR: a Brazilian Corpus to Automatic Essay Scoring Task},
  journal = {Journal of Information and Data Management},
  year = {2022},
  volume = {13},
  number = {1},
  pages = {65--76},
  publisher = {Sociedade Brasileira de Computação},
  doi = {10.5753/jidm.2022.2340},
  url = {https://sol.sbc.org.br/journals/index.php/jidm/article/view/2340}
}

@Inproceedings{amorim-et-al-2013,
  title = {A bayesian classifier to automatic correction of portuguese essays},
  author = {Evelin Amorim and
            Bruno Bazelato},
  year = {2013},
  booktitle = {Nuevas Ideas en Informática Educativa},
  location = {Porto Alegre, RS, Brasil},
  pages = {779--782},
}

@Inproceedings{amorim-et-al-2017,
    title = {A Multi-aspect Analysis of Automatic Essay Scoring for {B}razilian {P}ortuguese},
    author = {Evelin Amorim  and
      Adriano Veloso},
    booktitle = {Proceedings of the Student Research Workshop at the 15th Conference of the {E}uropean Chapter of the Association for Computational Linguistics},
    month = apr,
    year = {2017},
    address = {Valencia, Spain},
    publisher = {Association for Computational Linguistics},
    url = {https://aclanthology.org/E17-4010},
    pages = {94--102},
}

@Inproceedings{junior-et-al-2017,
  author = {Celso Júnior and
            Marcos Spalenza and
            Elias de Oliveira},
  title = {Proposta de um Sistema de Avaliação Automática de Redações do ENEM Utilizando Técnicas de Aprendizagem de Máquina e Processamento de Linguagem Natural},
  year = {2017},
  booktitle = {Anais do Computer on the Beach 2017},
  location = {Florianópolis, SC, Brasil},
}

@Article{attali-burstein-2006,
	title        = {Automated Essay Scoring With e-rater® V.2},
	author       = {Yigal Attali and Jill Burstein},
	year         = 2006,
	month        = {Feb.},
	journal      = {The Journal of Technology, Learning and Assessment},
	volume       = 4,
	number       = 3,
	url          = {https://ejournals.bc.edu/index.php/jtla/article/view/1650},
}

@MasterThesis{silva-2013,
  author = {Willian Silva},
  title = {Aprimorando o corretor gramatical {C}o{G}r{OO}},
  school = {Universidade de São Paulo},
  year = {2013},
  location = {São Paulo, SP, Brasil},
  doi = {10.11606/D.45.2013.tde-02052013-135414},
}

@Book{manning-schuetze-1999,
  address = {Cambridge, Massachusetts},
  author = {Manning, Christopher D. and Sch{\"u}tze, Hinrich},
  keywords = {lecture nlp},
  publisher = {The {MIT} Press},
  title = {Foundations of Statistical Natural Language Processing},
  year = 1999
}

@Inbook{fonseca-et-al-2018,
  author = {Erick Fonseca and
    Ivo Medeiros and
    Dayse Kamikawachi and
    Alessandro Bokan},
  year = {2018},
  month = {01},
  pages = {170-179},
  title = {Automatically Grading Brazilian Student Essays: 13th International Conference, PROPOR 2018, Canela, Brazil, September 24–26, 2018, Proceedings},
  isbn = {978-3-319-99721-6},
  doi = {10.1007/978-3-319-99722-3_18}
}

@Book{eco:09,
 author   = {Umberto Eco},
 title    = {Como se Faz uma Tese},
 edition  = 22,
 publisher= {Perspectiva},
 note     = {Tradução Gilson Cesar Cardoso de Souza},
 year     = {2009},
}

@Book{zobel:04,
 author   = {Justin Zobel},
 title    = {Writing for Computer Science: The Art of Effective Communication},
 publisher= {Springer},
 edition  = 2,
 year     = {2004},
}

@Book{waz:09,
 author   = {Raul S. Wazlawick},
 title    = {Metodologia de Pesquisa em Ciência da Computação},
 publisher= {Campus},
 edition  = 1,
 year     = {2009},
}

@Book{Higham:98,
 author   = {Nicholas J. Higham},
 title    = {Handbook of Writing for the Mathematical Sciences},
 edition  = 2,
 publisher= {SIAM: Society for Industrial and Applied Mathematics},
 month    = aug,
 year     = {1998},
}

@book{Knuth:96,
 author   = {Donald E. Knuth and Tracy Larrabee and Paul M. Roberts},
 title    = {Mathematical Writing},
 publisher= {The Mathematical Association of America},
 month    = sep,
 year     = {1996}
}

@InProceedings{alves03:simi,
 author   = {Carlos E. R. Alves and Edson N. Cáceres and Frank Dehne and Siang W. Song},
 title    = {A Parallel Wavefront Algorithm for Efficient Biological Sequence Comparison},
 booktitle= {ICCSA'03: The 2003 International Conference on Computational Science and its Applications},
 year     = {2003},
 pages    = {249-258},
 month    = may,
 publisher= {Springer-Verlag}
}

@Article{MenaChalco08,
 author   = {Jesús P. Mena-Chalco and Helaine Carrer and Yossi Zana and Roberto M. Cesar-Jr.},
 title    = {Identification of Protein Coding Regions Using the Modified {G}abor-Wavelet Transform},
 journal  = {IEEE/ACM Transactions on Computational Biology and Bioinformatics},
 volume   = {5},
 pages    = {198-207},
 year     = {2008},
}

@Article{floats2014,
 author    = {Frank Mittelbach},
 title     = {How to influence the position of float environments like figure and table in {\LaTeX}?},
 journal   = {{TUGboat}},
 journalsubtitle = {Communications of the \TeX\ Users Group},
 volume    = {35},
 number    = {3},
 year      = 2014,
 url       = {tug.org/TUGboat/tb35-3/tb111mitt-float.pdf},
 urldate   = {2020-01-09},
 publisher = {\TeX\ {Users} {Group}},
 address   = {Portland ({OR}), {USA}},
}

@Techreport{alvisi99:analysisCIC,
 author      = {Lorenzo Alvisi and Elmootazbellah Elnozahy and Sriram S. Rao and Syed A. Husain and Asanka Del Mel},
 title       = {An Analysis of Comunication-Induced Checkpointing},
 institution = {Department of Computer Science, University of Texas at Austin},
 year        = {1999},
 number      = {TR-99-01},
 address     = {Austin, USA}
}

@Misc{gridftp,
 author   = {William Allcock},
 title    = {{GridFTP} Protocol Specification. {Global Grid Forum} Recommendation ({GFD}.20)},
 year     = {2003}
}

% A entrada "year" eh usada por bibtex;
% biblatex pode usar "year" ou "date"
@Manual{natbib,
 title       = "Reference sheet for \texttt{natbib} usage",
 author      = "Patrick W. Daly",
 year        = {2010},
 date        = {2010-09-13},
 urldate     = {2018-12-20},
 url         = {mirrors.ctan.org/macros/latex/contrib/natbib/natnotes.pdf},
}

@Manual{biblatex,
 title       = "The \texttt{biblatex} Package",
 author      = "Philipp Lehman and Philip Kime and Moritz Wemheuer and Audrey Boruvka and Joseph Wright",
 year        = 2018,
 date        = {2018-10-30},
 urldate     = {2018-12-20},
 url         = {mirrors.ctan.org/macros/latex/contrib/biblatex/doc/biblatex.pdf},
}

@PhdThesis{garcia01:PhD,
 author   = {Islene C. Garcia},
 title    = {Visões Progressivas de Computações Distribuídas},
 school   = {Instituto de Computação, Universidade de Campinas},
 address  = {Campinas, Brasil},
 year     = {2001},
 month    = dec
}

@Conference{bronevetsky02,
 author     = {Greg Bronevetsky and Daniel Marques and Keshav Pingali and Paul Stodghill},
 title      = {Automated Application-Level Checkpointing of {MPI} Programs},
 booktitle  = {PPoPP'03: Proceedings of the 9th ACM SIGPLAN Symposium on Principles and Practice of Parallel Programming},
 year       = {2003},
 pages      = {84-89},
 eventdate  = {2003-06-11/2003-06-13},
 venue      = {San Diego, California}
}

@InCollection{bobaoglu93:concepts,
 author   = {Ozalp Babaoglu and Keith Marzullo},
 title    = {Consistent Global States of Distributed Systems: Fundamental Concepts and Mechanisms},
 editor   = {Sape Mullender},
 booktitle= {Distributed Systems},
 edition  = 2,
 year     = {1993},
 pages    = {55-96}
}

@MastersThesis{schmidt03:MSc,
 author   = {Rodrigo M. Schmidt},
 title    = {Coleta de Lixo para Protocolos de \emph{Checkpointing}},
 school   = {Instituto de Computação, Universidade de Campinas},
 address  = {Campinas, Brasil},
 year     = {2003},
 month    = oct
}

@online{fowler04:designDead,
 author   = {Martin Fowler},
 title    = {Is Design Dead?},
 year     = {2004},
 month    = may,
 urldate  = {2010-01-30},
 url      = {martinfowler.com/articles/designDead.html},
}

@online{FSF:GNU-GPL,
 author      = {{Free Software Foundation}},
 shortauthor = {FSF},
 title       = {{GNU} General Public License},
 year        = 2007,
 urldate     = {2010-01-30},
 url         = {www.gnu.org/copyleft/gpl.html},
}

@article{alon09:how,
 author   = {Uri Alon},
 title    = {How To Choose a Good Scientific Problem},
 journal  = {Molecular Cell},
 year     = {2009},
 volume   = {35},
 number   = {6},
 pages    = {726--728},
 publisher= {Cell Press},
 month    = sep,
 doi      = {10.1016/j.molcel.2009.09.013},
}

@book{tufte01:visualDisplay,
 author   = {Edward Tufte},
 title    = {The Visual Display of Quantitative Information},
 year     = {2001},
 edition  = 2,
 publisher= {Graphics Press},
 month    = may,
}

@Manual{usp:guidelines,
 author      = {{Universidade de São Paulo --- Sistema Integrado de Bibliotecas}},
 shortauthor = {SIBiUSP},
 title       = {Diretrizes para Apresentação de
	        Dissertações e Teses da {USP}:
	        Documento Eletrônico e Impresso},
 year        = 2009,
 url         = {www.teses.usp.br/index.php?option=com_content&view=article&id=52&Itemid=67},
 urldate     = {2017-11-10},
}

@online{carlis:09,
 author  = {John V. Carlis},
 title   = {Design: The Key to Writing
            (and Advising) a One-Draft {Ph.D} Dissertation},
 year    = 2009,
 url     = {www-users.cs.umn.edu/~carlis/one-draft.pdf},
 urldate = {2017-11-10},
}

@book{craftresearch,
 author    = {Wayne C. Booth and Gregory G. Colomb and Joseph M. Williams},
 title     = {The Craft of Research},
 publisher = {The University of Chicago Press},
 year      = 2008,
}

@book{dissertjourney,
 author    = {Carol M. Roberts},
 title     = {The Dissertation Journey},
 publisher = {Corwin},
 year      = 2010,
 edition   = 2,
 location  = {Thousand Oaks, CA},
}

@manual{sbctemplate,
 author  = {Luciana P. Nedel and Rafael H. Bordini and Flávio Rech Wagner and Jomi F. H\"{u}bner},
 title   = {Instructions for Authors of {SBC} Conferences Papers and Abstracts},
 year    = 2017,
 url     = {www.sbc.org.br/documentos-da-sbc/category/169-templates-para-artigos-e-capitulos-de-livros},
 urldate = {2018-12-13},
}
